<?xml version="1.0" encoding="utf-8"?>
<record xmlns="http://www.loc.gov/MARC21/slim" xmlns:xsi="http://www.w3.org/2001/XMLSchema-instance" xsi:schemaLocation="http://www.loc.gov/MARC21/slim http://www.loc.gov/standards/marcxml/schema/MARC21slim.xsd">
	<leader>     nam a22     Mi 4500</leader>
	<controlfield tag="001">b12479640</controlfield>
	<controlfield tag="003">LeBAU</controlfield>
	<controlfield tag="006">m        d        </controlfield>
	<controlfield tag="007">cr cn |||m|||a</controlfield>
	<controlfield tag="008">200219s1953    iq ac   o       0   ara d</controlfield>
	<datafield ind1=" " ind2=" " tag="040">
		<subfield code="a">ZYU</subfield>
		<subfield code="b">ara</subfield>
		<subfield code="e">rda</subfield>
		<subfield code="c">ZYU</subfield>
	</datafield>
	<datafield ind1="0" ind2="4" tag="082">
		<subfield code="a">349.297</subfield>
		<subfield code="2">20</subfield>
	</datafield>
	<datafield ind1="1" ind2=" " tag="100">
		<subfield code="6">880-01</subfield>
		<subfield code="a">ʻAlī ibn Abī Ṭālib,</subfield>
		<subfield code="c">Caliph,</subfield>
		<subfield code="d">approximately 600-661.</subfield>
		<subfield code="e">author.</subfield>
		<subfield code="0">https://lccn.loc.gov/n50039100 ,</subfield>
	</datafield>
	<datafield ind1="1" ind2="0" tag="245">
		<subfield code="6">880-02</subfield>
		<subfield code="a">Qaḍāʼ Amīr al-Muʼminīn ʻAlī ibn Abī Ṭālib, aw Kitāb ʻAjāʼib aḥkāmahu /</subfield>
		<subfield code="c">bi-riwāyat Muḥammad ibn ʻAlī ibn Ibrāhīm ibn Hāshim al-Qummī ʻan abīhi ʻan jaddihi ; wa-fī-hi baʻḍ al-ziyādāt lil-marḥūm al-maghfūr la-hu Muḥsin al-Ḥusaynī al-Āmilī ; ṣaḥḥaḥahu wa-ʻallaqa ʻalayhi al-ustādh al-Shaykh Muḥammad Riḍā al-Kutubī.</subfield>
	</datafield>
	<datafield ind1="3" ind2="0" tag="246">
		<subfield code="6">880-03</subfield>
		<subfield code="a">Kitāb ʻAjāʼib aḥkām [Amīr al-Muʼminīn ʻAlī ibn Abī Ṭālib]</subfield>
	</datafield>
	<datafield ind1="3" ind2="0" tag="246">
		<subfield code="6">880-04</subfield>
		<subfield code="a">ʻAjāʼib aḥkām [Amīr al-Muʼminīn ʻAlī ibn Abī Ṭālib]</subfield>
	</datafield>
	<datafield ind1=" " ind2="1" tag="264">
		<subfield code="6">880-05</subfield>
		<subfield code="a">al-Najaf al-Ashraf :</subfield>
		<subfield code="b">Maktabat Dār al-Kutub al-Tijārīyah wa-Maṭbaʻatuhā,</subfield>
		<subfield code="c">1372 [H.] = 1953 [M.]</subfield>
	</datafield>
	<datafield ind1=" " ind2=" " tag="300">
		<subfield code="6">880-06</subfield>
		<subfield code="a">online resource (129 pages, 1 unnumbered page of plates) :</subfield>
		<subfield code="b">illustrations, frontispiece</subfield>
	</datafield>
	<datafield ind1=" " ind2=" " tag="336">
		<subfield code="a">text</subfield>
		<subfield code="2">rdacontent</subfield>
	</datafield>
	<datafield ind1=" " ind2=" " tag="337">
		<subfield code="a">computer</subfield>
		<subfield code="2">rdamedia</subfield>
	</datafield>
	<datafield ind1=" " ind2=" " tag="338">
		<subfield code="a">online resource</subfield>
		<subfield code="2">rdacarrier</subfield>
	</datafield>
	<datafield ind1=" " ind2=" " tag="500">
		<subfield code="a">Part of the Arabic Collections Online (ACO) project, contributed by American University of Beirut's Jafet Memorial Library.</subfield>
	</datafield>
	<datafield ind1=" " ind2=" " tag="533">
		<subfield code="a">Electronic reproduction.</subfield>
		<subfield code="b">New York, N.Y. :</subfield>
		<subfield code="c">New York University,</subfield>
		<subfield code="d">2020.</subfield>
		<subfield code="5">NNU</subfield>
	</datafield>
	<datafield ind1=" " ind2=" " tag="588">
		<subfield code="a">تاريخ النشر أخذ من الصفحة الثانية التي تسبق صفحة العنوان.</subfield>
	</datafield>
	<datafield ind1="0" ind2="4" tag="600">
		<subfield code="a">علي بن ابي طالب،</subfield>
		<subfield code="c">الخليفة،</subfield>
		<subfield code="d">حوالي 600-661</subfield>
		<subfield code="v">شواهد.</subfield>
	</datafield>
	<datafield ind1="0" ind2="0" tag="600">
		<subfield code="a">ʻAlī ibn Abī Ṭālib,</subfield>
		<subfield code="c">Caliph,</subfield>
		<subfield code="d">approximately 600-661</subfield>
		<subfield code="v">Quotations.</subfield>
	</datafield>
	<datafield ind1=" " ind2="4" tag="650">
		<subfield code="a">الفقه الإسلامي</subfield>
		<subfield code="v">أعمال قديمة حتى 1800.</subfield>
	</datafield>
	<datafield ind1=" " ind2="4" tag="650">
		<subfield code="a">العدالة</subfield>
		<subfield code="v">أعمال قديمة حتى 1800.</subfield>
	</datafield>
	<datafield ind1=" " ind2="0" tag="650">
		<subfield code="a">Islamic law</subfield>
		<subfield code="v">Early works to 1800.</subfield>
	</datafield>
	<datafield ind1=" " ind2="0" tag="650">
		<subfield code="a">Justice</subfield>
		<subfield code="x">Early works to 1800.</subfield>
	</datafield>
	<datafield ind1="1" ind2=" " tag="700">
		<subfield code="6">880-07</subfield>
		<subfield code="a">Qummī, Muḥammad ibn ʻAlī,</subfield>
		<subfield code="e">narrator.</subfield>
	</datafield>
	<datafield ind1="1" ind2=" " tag="700">
		<subfield code="6">880-08</subfield>
		<subfield code="a">ʻĀmilī, Muḥsin al-Ḥusaynī,</subfield>
		<subfield code="d">1865-1952.</subfield>
		<subfield code="e">compiler.</subfield>
		<subfield code="0">https://lccn.loc.gov/n79091934 ,</subfield>
	</datafield>
	<datafield ind1="1" ind2=" " tag="700">
		<subfield code="6">880-09</subfield>
		<subfield code="a">Kutubī, Muḥammad Riḍā,</subfield>
		<subfield code="e">corrector.</subfield>
	</datafield>
	<datafield ind1="1" ind2=" " tag="700">
		<subfield code="6">880-10</subfield>
		<subfield code="a">Kutubī, Muḥammad Riḍā,</subfield>
		<subfield code="e">commentator for written text.</subfield>
	</datafield>
	<datafield ind1="2" ind2=" " tag="710">
		<subfield code="a">Jafet Memorial Library.</subfield>
	</datafield>
	<datafield ind1="0" ind2=" " tag="730">
		<subfield code="a">Arabic Collections Online.</subfield>
	</datafield>
	<datafield ind1="0" ind2="8" tag="776">
		<subfield code="i">Print version:</subfield>
		<subfield code="a">ʻAlī ibn Abī Ṭālib, Caliph, approximately 600-661. author. https://lccn.loc.gov/n50039100 ,</subfield>
		<subfield code="t">Qaḍāʼ Amīr al-Muʼminīn ʻAlī ibn Abī Ṭālib, aw Kitāb ʻAjāʼib aḥkāmahu</subfield>
		<subfield code="w">(LeBAU)b12479640</subfield>
	</datafield>
	<datafield ind1="4" ind2="0" tag="856">
		<subfield code="u">http://hdl.handle.net/2333.1/x3ffbrvk</subfield>
	</datafield>
	<datafield ind1="1" ind2="0" tag="880">
		<subfield code="6">245-02</subfield>
		<subfield code="a">قضاء أمير المؤمنين علي بن أبي طالب، أو، كتاب عجائب أحكامه /</subfield>
		<subfield code="c">برواية محمد بن علي بن إبراهيم بن هاشم القمي عن أبيه عن جده ؛ وفيه بعض الزيادات للمرحوم المغفور له السيد محسن الحسيني العاملي ؛ صححه وعلق عليه الاستاذ الشيخ محمد رضا الكتبي.</subfield>
	</datafield>
	<datafield ind1="0" ind2=" " tag="880">
		<subfield code="6">100-01</subfield>
		<subfield code="a">علي بن ابي طالب،</subfield>
		<subfield code="c">الخليفة،</subfield>
		<subfield code="d">حوالي 600-661،</subfield>
		<subfield code="0">https://lccn.loc.gov/n50039100 ,</subfield>
		<subfield code="e">مؤلف. </subfield>
		<subfield code="4">aut.</subfield>
	</datafield>
	<datafield ind1="3" ind2="0" tag="880">
		<subfield code="6">246-03</subfield>
		<subfield code="a">كتاب عجائب أحكام [أمير المؤمنين علي بن أبي طالب]</subfield>
	</datafield>
	<datafield ind1="3" ind2="0" tag="880">
		<subfield code="6">246-04</subfield>
		<subfield code="a">عجائب أحكام [أمير المؤمنين علي بن أبي طالب]</subfield>
	</datafield>
	<datafield ind1=" " ind2="1" tag="880">
		<subfield code="6">264-05</subfield>
		<subfield code="a">النجف الأشرف :</subfield>
		<subfield code="b">مكتبة دار الكتب التجارية ومطبعتها،</subfield>
		<subfield code="c">1372 [هـ.] = 1953 [م.]</subfield>
	</datafield>
	<datafield ind1=" " ind2=" " tag="880">
		<subfield code="6">300-06</subfield>
		<subfield code="a">129 صفحة، 1 صفحة لوحات غير مرقمة :</subfield>
		<subfield code="b">مصورات، صورة شخصانية في الواجهة ؛</subfield>
		<subfield code="c">22 سم</subfield>
	</datafield>
	<datafield ind1="1" ind2=" " tag="880">
		<subfield code="6">700-07</subfield>
		<subfield code="a">القمي، محمد بن علي،</subfield>
		<subfield code="e">راوي. </subfield>
		<subfield code="4">nrt.</subfield>
	</datafield>
	<datafield ind1="1" ind2=" " tag="880">
		<subfield code="6">700-08</subfield>
		<subfield code="a">العاملي، محسن الحسيني،</subfield>
		<subfield code="d">1865-1952،</subfield>
		<subfield code="0">https://lccn.loc.gov/n79091934 ,</subfield>
		<subfield code="e">معد. </subfield>
		<subfield code="4">com.</subfield>
	</datafield>
	<datafield ind1="1" ind2=" " tag="880">
		<subfield code="6">700-09</subfield>
		<subfield code="a">الكتبي، محمد رضا،</subfield>
		<subfield code="e">مصحح. </subfield>
		<subfield code="4">crr.</subfield>
	</datafield>
	<datafield ind1="1" ind2=" " tag="880">
		<subfield code="6">700-10</subfield>
		<subfield code="a">الكتبي، محمد رضا،</subfield>
		<subfield code="e">معلق على النص. </subfield>
		<subfield code="4">cwt.</subfield>
	</datafield>
	<datafield ind1=" " ind2=" " tag="959">
		<subfield code="a">NNU</subfield>
		<subfield code="b">WEB</subfield>
		<subfield code="c">GENI</subfield>
		<subfield code="t">0</subfield>
		<subfield code="m">Electronic access</subfield>
		<subfield code="s">01</subfield>
	</datafield>
	<datafield ind1=" " ind2=" " tag="999">
		<subfield code="i">LeBAU_b12479640</subfield>
		<subfield code="s">aub_aco003869:</subfield>
		<subfield code="e">(ERROR-MISC)</subfield>
	</datafield>
</record>
